@article{RTC17,
    title = {On {W}asserstein Two-Sample Testing and Related Families of
             Nonparametric Tests},
    author = {Aaditya Ramdas and Nicol\'{a}s Garc\'{i}a Trillos and Marco
              Cuturi},
    year = {2017},
    journal = {Entropy},
    volume = {19},
    number = {2},
    pages = {47},
    doi = {10.3390/e19020047},
}
