@article{Arnolds2018,
    author = {Ines Verena Arnolds and Daniel Gartner},
    doi = {10.1007/s10479-017-2485-4},
    journal = {Annals of Operations Research},
    pages = {453--477},
    title = {Improving hospital layout planning through clinical pathway
mining},
    volume = {263},
    year = {2018}
}

@misc{Asanjarani2017,
    author = {Asanjarani, Azam and Nazarathy, Yoni and Pollett, Philip},
    title = {Parameter and State Estimation in Queues and Related Stochastic
Models: A Bibliography},
    url = {https://people.smp.uq.edu.au/PhilipPollett/papers/Qest/QEstAnnBib.pdf},
    year = {2017}
}

@article{Bell1987,
    author = {Peter C. Bell and Robert M. O{\textquotesingle}Keefe},
    doi = {10.1177/003754978704900304},
    journal = {{SIMULATION}},
    number = {3},
    pages = {109--116},
    publisher = {{SAGE} Publications},
    title = {Visual Interactive Simulation {\textemdash} History,  recent developments,  and major issues},
    volume = {49},
    year = {1987}
}

@book{Bhat2015,
    author = {U. Narayan Bhat},
    doi = {10.1007/978-0-8176-8421-1},
    publisher = {Birkh\"{a}user Boston},
    title = {An Introduction to Queueing Theory},
    year = {2015}
}

@article{Bhattacharjee2014,
    author = {Papiya Bhattacharjee and Pradip Kumar Ray},
    doi = {10.1016/j.cie.2014.04.016},
    journal = {Computers \& Industrial Engineering},
    pages = {299--312},
    title = {Patient flow modelling and performance analysis of healthcare
delivery processes in hospitals: A review and reflections},
    volume = {78},
    year = {2014}
}

@article{Bittencourt2018,
    address = {Bradford, England :},
    author = {Bittencourt, Otavio and Verter, Vedat and Yalovsky, Morty},
    issn = {1741-0401},
    journal = {International journal of productivity and performance management.},
    number = {2},
    pages = {224--238},
    publisher = {Emerald,},
    title = {Hospital capacity management based on the queueing theory},
    volume = {67},
    year = {2018}
}

@article{Brailsford2013,
    author = {Brailsford, Sally C and Bolt, Timothy B and Bucci, Giovanni and
Chaussalet, T M and Connell, N A and Harper, Paul R and Klein,
Jonathan H and Pitt, Martin and Taylor, M},
    journal = {Journal of the Operational Research Society},
    number = {2},
    pages = {157--168},
    title = {Overcoming the barriers: A qualitative study of simulation adoption
in the {NHS}},
    volume = {64},
    year = {2013}
}

@article{Cochran2009,
    author = {Jeffery K. Cochran and Kevin T. Roche},
    doi = {10.1016/j.cor.2008.02.004},
    journal = {Computers {\&} Operations Research},
    number = {5},
    pages = {1497--1512},
    publisher = {Elsevier {BV}},
    title = {A multi-class queuing network analysis methodology for improving hospital emergency department performance},
    volume = {36},
    year = {2009}
}

@article{Collins2018,
    author = {Peter F Collins and Rebecca J Stratton and Ramesh J
Kurukulaaratchy and Marinos Elia},
    doi = {10.2147/COPD.S157594},
    journal = {International Journal of Chronic Obstructive Pulmonary Disease},
    pages = {1289--1296},
    title = {Influence of deprivation on health care use, health care costs, and
mortality in {COPD}},
    volume = {13},
    year = {2018}
}

@article{Dagkakis2016,
    author = {G Dagkakis and C Heavey},
    doi = {10.1057/jos.2015.9},
    journal = {Journal of Simulation},
    number = {3},
    pages = {193--206},
    publisher = {Informa {UK} Limited},
    title = {A review of open source discrete event simulation software for operations research},
    volume = {10},
    year = {2016}
}

@article{Delias2015,
    author = {Pavlos Delias and Michael Doumpos and Evangelos Grigoroudis and
Panagiotis Manolitzas and Nikolaos Matsatsinis},
    doi = {10.1016/j.knosys.2015.04.012},
    journal = {Knowledge-Based Systems},
    pages = {203--213},
    title = {Supporting healthcare management decisions via robust clustering of
event logs},
    volume = {84},
    year = {2015}
}

@article{Djabali2018,
    author = {Djabali, Yasmina and Rabta, Boualem and Aissani, Djamil},
    doi = {10.1504/IJMOR.2018.10005095},
    journal = {International Journal of Mathematics in Operational Research},
    pages = {507--531},
    title = {Approximating Service-time Distributions by Phase-type
Distributions in Single-server Queues: A Strong Stability
Approach},
    volume = {12},
    year = {2018}
}

@inproceedings{Elbattah2017,
    author = {M. Elbattah and O. Molloy},
    booktitle = {AAAI Workshops},
    title = {Clustering-Aided Approach for Predicting Patient Outcomes with Application to Elderly Healthcare in {Ireland}},
    year = {2017}
}

@article{Erlang1917,
    author = {Erlang, Agner Krarup},
    journal = {Post Office Electrical Engineer's Journal},
    pages = {189--197},
    title = {Solution of some problems in the theory of probabilities of
significance in automatic telephone exchanges},
    volume = {10},
    year = {1917}
}

@article{Erlang1920,
    author = {Erlang, Agner Krarup},
    journal = {Matematisk Tidsskrift, B},
    pages = {25},
    title = {Telephone waiting times},
    volume = {31},
    year = {1920}
}

@book{Everitt2011,
    author = {Everitt, Brian S and Landau, Sabine and Leese, Morven and Stahl,
Daniel},
    publisher = {John Wiley \& Sons},
    title = {Cluster analysis},
    year = {2011}
}

@article{Fitzpatrick2019,
    author = {B G Fitzpatrick},
    doi = {10.1007/s11538-018-0496-1},
    journal = {Bulletin of Mathematical Biology},
    pages = {1--6},
    title = {Issues in Reproducible Simulation Research},
    volume = {81},
    year = {2019}
}

@article{Goldenshluger2016,
    author = {Alexander Goldenshluger},
    doi = {10.1017/apr.2016.67},
    journal = {Advances in Applied Probability},
    number = {4},
    pages = {1117--1138},
    title = {Nonparametric estimation of the service time distribution in the
{M/G/$\infty$} queue},
    volume = {48},
    year = {2016}
}

@book{Hagenaars2002,
    author = {Jacques A. Hagenaars},
    doi = {10.1017/CBO9780511499531},
    publisher = {Cambridge University Press},
    title = {Applied Latent Class Analysis},
    year = {2002}
}

@article{Haraty2015,
    author = {Ramzi A. Haraty and Mohamad Dimishkieh and Mehedi Masud},
    doi = {10.1155/2015/615740},
    journal = {International Journal of Distributed Sensor Networks},
    number = {6},
    pages = {615740},
    publisher = {{SAGE} Publications},
    title = {An Enhanced k-Means Clustering Algorithm for Pattern Discovery in Healthcare Data},
    volume = {11},
    year = {2015}
}

@article{Hargett2017,
    author = {Charles Hargett and Joseph Doty and Jennifer Hauck and Allison Webb and Steven Cook and Nicholas Tsipis and Julie Neumann and Kathryn Andolsek and Dean Taylor},
    doi = {10.2147/jhl.s141664},
    journal = {Journal of Healthcare Leadership},
    pages = {69--78},
    publisher = {Informa {UK} Limited},
    title = {Developing a model for effective leadership in healthcare: a concept mapping approach},
    volume = {Volume 9},
    year = {2017}
}

@article{Harper2006,
    author = {Harper, Paul R. and Winslett, David},
    doi = {10.1016/j.ejor.2004.05.014},
    journal = {European Journal of Operational Research},
    pages = {146--156},
    title = {Classification trees: A possible method for maternity risk
grouping},
    volume = {169},
    year = {2006}
}

@article{Houben2019,
    author = {Sarah Houben-Wilke and Filip J. J. Triest and Frits M.E.  Franssen
and Daisy J.A. Janssen and Emiel F.M.  Wouters and Lowie E.G.W.
Vanfleteren},
    doi = {10.15326/jcopdf.6.2.2018.0145},
    journal = {Chronic Obstructive Pulmonary Diseases: Journal of the COPD
Foundation},
    number = {2},
    pages = {166--177},
    title = {Revealing Methodological Challenges in Chronic Obstructive
Pulmonary Disease Studies Assessing Comorbidities: A Narrative
Review},
    volume = {6},
    year = {2019}
}

@inproceedings{Huang1997a,
    author = {Huang, Zhexue},
    booktitle = {The First {P}acific-{A}sia Conference on Knowledge Discovery
and Data Mining},
    pages = {21--34},
    title = {Clustering large data sets with mixed numeric and categorical
values},
    year = {1997}
}

@article{Ivie2018,
    author = {Ivie, Peter and Thain, Douglas},
    doi = {10.1145/3186266},
    journal = {ACM Computing Surveys},
    number = {3},
    title = {Reproducibility in Scientific Computing},
    volume = {51},
    year = {2018}
}

@article{Jahangirian2015,
    author = {Mohsen Jahangirian and Simone Borsci and Syed Ghulam Sarwar Shah and Simon J E Taylor},
    doi = {10.1177/0037549715583150},
    journal = {{SIMULATION}},
    number = {6},
    pages = {511--526},
    publisher = {{SAGE} Publications},
    title = {Causal factors of low stakeholder engagement: a survey of expert opinions in the context of healthcare simulation projects},
    volume = {91},
    year = {2015}
}

@article{Komashie2015,
    author = {Alexander Komashie and Ali Mousavi and P John Clarkson and Terry
Young},
    doi = {10.1109/JTEHM.2015.2400436},
    journal = {IEEE Journal of Translational Engineering in Health and
Medicine},
    pages = {1--10},
    title = {An Integrated Model of Patient and Staff Satisfaction Using Queuing
Theory},
    volume = {3},
    year = {2015}
}

@article{Kullback1951,
    author = {Kullback, S. and Leibler, R. A.},
    doi = {10.1214/aoms/1177729694},
    journal = {Annals of Mathematical Statistics},
    number = {1},
    pages = {79--86},
    title = {On Information and Sufficiency},
    volume = {22},
    year = {1951}
}

@article{Kumar2019,
    author = {A. {Kumar} and H. {Anjomshoa}},
    doi = {10.1109/JBHI.2018.2819646},
    journal = {IEEE Journal of Biomedical and Health Informatics},
    number = {2},
    pages = {848-856},
    title = {A Two-Stage Model to Predict Surgical Patients' Lengths of Stay From an Electronic Patient Database},
    volume = {23},
    year = {2019}
}

@article{Kuwornu2014,
    author = {J P Kuwornu and L M Lix and S Shooshtari},
    doi = {},
    journal = {Chronic Diseases and Injuries in Canada},
    number = {4},
    pages = {218--225},
    title = {Multimorbidity Disease Clusters in {Aboriginal} and
{non-Aboriginal} {Caucasian} Populations in {Canada}},
    volume = {34},
    year = {2014}
}

@article{Larsen2017,
    author = {Finn Breinholt Larsen and Marie Hauge Pedersen and Karina Friis
and Charlotte Gl\"{u}mer and Mathias Lasgaard},
    doi = {10.1371/journal.pone.0169426},
    journal = {PLoS One},
    number = {1},
    title = {A Latent Class Analysis of Multimorbidity and the Relationship to
Socio-Demographic Factors and Health-Related Quality of Life. A
National Population-Based Study of 162,283 {Danish} Adults},
    volume = {12},
    year = {2017}
}

@book{Lazarsfeld1968,
    author = {Lazarsfeld, Paul Felix and Henry, Neil W},
    publisher = {Houghton Mifflin Co.},
    title = {Latent structure analysis},
    year = {1968}
}

@article{McClain1976,
    author = {John O. McClain},
    journal = {Inquiry},
    number = {2},
    pages = {167--176},
    title = {Bed Planning Using Queuing Theory Models of Hospital Occupancy: A
Sensitivity Analysis},
    volume = {13},
    year = {1976}
}

@article{Mohammadi2012,
    author = {A. Mohammadi and M. R. Salehi-Rad},
    doi = {10.1080/03610918.2011.588358},
    journal = {Communications in Statistics - Simulation and Computation},
    number = {3},
    pages = {419--435},
    title = {Bayesian Inference and Prediction in an {$M/G/1$} with Optional
Second Service},
    volume = {41},
    year = {2012}
}

@article{Ogbuabor2018,
    author = {Ogbuabor, Godwin and Ugwoke, FN},
    journal = {International Journal of Computer Science \& Information Technology},
    number = {2},
    pages = {27--37},
    title = {Clustering algorithm for a healthcare dataset using silhouette score value},
    volume = {10},
    year = {2018}
}

@article{Olafsson2008,
    author = {Sigurdur Olafsson and Xiaonan Li and Shuning Wu},
    doi = {10.1016/j.ejor.2006.09.023},
    journal = {European Journal of Operational Research},
    number = {3},
    pages = {1429--1448},
    title = {Operations research and data mining},
    volume = {87},
    year = {2008}
}

@article{Palmer2019,
    author = {Geraint I. Palmer and Vincent A. Knight and Paul R. Harper and
Asyl L. Hawa},
    doi = {10.1080/17477778.2018.1473909},
    journal = {Journal of Simulation},
    number = {1},
    pages = {68--82},
    title = {Ciw: An open-source discrete event simulation library},
    volume = {13},
    year = {2019}
}

@article{Palvannan2012,
    author = {R. Kannapiran Palvannan and Kiok Liang Teow},
    doi = {10.1007/s10916-010-9499-7},
    journal = {Journal of Medical Systems},
    pages = {541--547},
    title = {Queueing for Healthcare},
    volume = {36},
    year = {2012}
}

@inproceedings{Pinto2014,
    author = {Luiz R. {Pinto} and Francisco C. C. {de Campos} and Ignez H. O.
{Perp\'{e}tuo} and Yara C. N. M. B. {Ribeiro}},
    booktitle = {Proceedings of the Winter Simulation Conference 2014},
    pages = {1281-1292},
    title = {Analysis of hospital bed capacity via queuing theory and simulation},
    year = {2014}
}

@article{Ramdas2017,
    author = {Aaditya Ramdas and Nicol\'{a}s Garc\'{i}a Trillos and Marco
Cuturi},
    doi = {10.3390/e19020047},
    journal = {Entropy},
    number = {2},
    pages = {47},
    title = {On {W}asserstein Two-Sample Testing and Related Families of
Nonparametric Tests},
    volume = {19},
    year = {2017}
}

@article{Rebuge2012,
    author = {{\'A}lvaro Rebuge and Diogo R. Ferreira},
    doi = {10.1016/j.is.2011.01.003},
    journal = {Information Systems},
    number = {2},
    pages = {99--116},
    title = {Business process analysis in healthcare environments: A methodology
based on process mining},
    volume = {37},
    year = {2012}
}

@article{Santhi2010,
    author = {Santhi, P and Bhaskaran, V Murali and others},
    journal = {International Journal for Advances in Computer Science},
    number = {1},
    pages = {26--31},
    title = {Performance of clustering algorithms in healthcare database},
    volume = {2},
    year = {2010}
}

@inproceedings{Satopaa2011,
    author = {Satopaa, Ville and Albrecht, Jeannie and Irwin, David and
Raghavan, Barath},
    booktitle = {Proceedings of the 2011 31st International Conference on
Distributed Computing Systems Workshops},
    doi = {10.1109/ICDCSW.2011.20},
    month = {07},
    pages = {166--171},
    title = {Finding a `Kneedle' in a Haystack: Detecting Knee Points in System
Behavior},
    year = {2011}
}

@article{Sexton2016,
    author = {E Sexton and D Bedford},
    doi = {10.1007/s11845-015-1359-5},
    journal = {Irish Journal of Medical Science},
    number = {2},
    pages = {453--461},
    title = {{GP} supply, deprivation and emergency admission to hospital for
{COPD} and diabetes complications in counties across {Ireland}: An
exploratory analysis},
    volume = {185},
    year = {2016}
}

@book{Shortle2018,
    author = {John F Shortle and James M Thompson and Donald Gross and Carl M Harris},
    doi = {10.1002/9781119453765},
    publisher = {John Wiley {\&} Sons,  Inc.},
    title = {Fundamentals of Queueing Theory},
    year = {2018}
}

@article{Silitonga2018,
    author = {Silitonga, Parasian},
    journal = {International Journal of Computer Science and Information Security},
    number = {7},
    pages = {219--221},
    title = {Clustering of Patient Disease Data by Using K-Means Clustering},
    volume = {15},
    year = {2018}
}

@article{Simon2011,
    author = {Tzahit Simon-Tuval and Steven M Scharf and Nimrod Maimon and
Barbara J Bernhard-Scharf and Haim Reuveni and Ariel Tarasiuk},
    doi = {10.1186/1465-9921-12-7},
    journal = {Respiratory Research},
    number = {7},
    title = {Determinants of elevated healthcare utilization in patients with
{COPD}},
    volume = {12},
    year = {2011}
}

@article{Steiner2017,
    author = {Steiner, Michael C and Lowe, Derek and Beckford, Katy and Blakey,
John and Bolton, Charlotte E and Elkin, Sarah and Man, William D
-C and Roberts, C Michael and Sewell, Louise and Walker, Paul and
Singh, Sally J},
    doi = {10.1136/thoraxjnl-2016-209376},
    journal = {Thorax},
    number = {6},
    pages = {530--537},
    title = {Socioeconomic deprivation and the outcome of pulmonary
rehabilitation in {England} and {Wales}},
    volume = {72},
    year = {2017}
}

@article{Steins2013,
    author = {Steins, Krisjanis and Walther, SM},
    journal = {Anaesthesia},
    number = {11},
    pages = {1148--1155},
    title = {A generic simulation model for planning critical care resource
requirements},
    volume = {68},
    year = {2013}
}

@book{Stewart2009,
    author = {William J. Stewart},
    doi = {10.2307/j.ctvcm4gtc},
    publisher = {Princeton University Press},
    title = {Probability, Markov Chains, Queues, and Simulation},
    year = {2009}
}

@article{Vaserstein1969,
    author = {Vaserstein, Leonid Nisonovich},
    journal = {Problemy Pereda{\v{c}}hi Informatsii},
    number = {3},
    pages = {64--72},
    title = {Markov processes over denumerable products of spaces describing
large systems of automata},
    volume = {5},
    year = {1969}
}

@article{Vuik2016a,
    author = {Vuik, Sabine I. and Mayer, Erik K. and Darzi, Ara},
    doi = {10.1186/s12963-016-0115-z},
    journal = {Population Health Metrics},
    pages = {},
    title = {A quantitative evidence base for population health: Applying
utilization-based cluster analysis to segment a patient
population},
    volume = {14},
    year = {2016}
}

@article{Vuik2016b,
    author = {Vuik, Sabine I. and Mayer, Erik K. and Darzi, Ara},
    doi = {10.1377/hlthaff.2015.1311},
    journal = {Health Affairs},
    number = {5},
    pages = {769--775},
    title = {Patient Segmentation Analysis Offers Significant Benefits For
Integrated Care And Support},
    volume = {35},
    year = {2016}
}

@article{Williams2015,
    author = {Williams, J. and Dumont, S. and Parry-Jones, J. and Komenda, I.
and Griffiths, J. and Knight, V.},
    doi = {10.1111/anae.12839},
    journal = {Anaesthesia},
    number = {1},
    pages = {32--40},
    title = {Mathematical modelling of patient flows to predict critical care
capacity required following the merger of two district general
hospitals into one},
    volume = {70},
    year = {2015}
}

@book{Wu2009,
    author = {Wu, Xindong and Kumar, Vipin},
    publisher = {CRC press},
    title = {The top ten algorithms in data mining},
    year = {2009}
}

@article{Yan2018,
    author = {Shi Yan and Yu Heng Kwan and Chuen Seng Tan and Julian Thumboo and
Lian Leng Low},
    doi = {10.1186/s12874-018-0584-9},
    journal = {BMC Medical Research Methodology},
    number = {121},
    title = {A systematic review of the clinical application of data-driven
population segmentation analysis},
    volume = {18},
    year = {2018}
}

@article{Yan2019,
    author = {Shi Yan and Benjamin Jun Jie Seng and Yu Heng Kwan and Chuen Seng
Tan and Joanne Hui Min Quah and Julian Thumboo and Lian Leng Low},
    doi = {10.1186/s12875-019-0939-2},
    journal = {BMC Family Practice},
    number = {54},
    title = {Identifying heterogeneous health profiles of primary care utilizers
and their differential healthcare utilization and mortality – a
retrospective cohort study},
    volume = {20},
    year = {2019}
}

@article{Yom2014,
    author = {Yom-Tov, Galit B and Mandelbaum, Avishai},
    doi = {10.1287/msom.2013.0474},
    journal = {Manufacturing \& Service Operations Management},
    number = {2},
    pages = {283--299},
    title = {{Erlang-R}: A time-varying queue with reentrant customers, in
support of healthcare staffing},
    volume = {16},
    year = {2014}
}

@article{Yoon2020,
    author = {Sungwon Yoon and Hendra Goh and Yu Heng Kwan and Julian Thumboo
and Lian Leng Low},
    doi = {10.1186/s12961-019-0519-x},
    journal = {Health Res Policy Syst.},
    number = {1},
    pages = {26},
    title = {Identifying Optimal Indicators and Purposes of Population
Segmentation Through Engagement of Key Stakeholders: A Qualitative
Study},
    volume = {18},
    year = {2020}
}

@inproceedings{Zayas2016,
    author = {Zayas, Cilia E and He, Zhe and Yuan, Jiawei and Maldonado-Molina, Mildred and Hogan, William and Modave, Fran{\c{c}}ois and Guo, Yi and Bian, Jiang},
    booktitle = {Proceedings of the... International Florida AI Research Society Conference. Florida AI Research Symposium},
    organization = {NIH Public Access},
    pages = {361},
    title = {Examining healthcare utilization patterns of elderly middle-aged adults in the {United States}},
    volume = {2016},
    year = {2016}
}